tirlnx01 - Materiaal om het keuzevak Linux te geven 
op de Hogeschool Rotterdam.
Copyright (C) 2010 - 2011  Paul Sohier, Kevin van der Vlist

This program is free software: you can redistribute it and/or modify
it under the terms of the GNU General Public License as published by
the Free Software Foundation, either version 3 of the License, or
(at your option) any later version.

This program is distributed in the hope that it will be useful,
but WITHOUT ANY WARRANTY; without even the implied warranty of
MERCHANTABILITY or FITNESS FOR A PARTICULAR PURPOSE.  See the
GNU General Public License for more details.

You should have received a copy of the GNU General Public License
along with this program.  If not, see <http://www.gnu.org/licenses/>.

Kevin van der Vlist - kevin at kevinvandervlist.nl
Paul Sohier - paul at paulsohier.nl

http://newton.ex.ac.uk/tex/pack/bibtex/btxdoc/node6.html
ISBNtoBIBITEX http://manas.tungare.name/software/isbn-to-bibtex/

@misc{bib.dash,
  title = {The Debian Almquist Shell},
  author = {Wikipedia},
  howpublished = {Website},
  note = {\url{http://en.wikipedia.org/wiki/Debian_Almquist_shell}},
}

@techreport{bib.deflate,
  title = {An Explanation of the Deflate Algorithm},
  author = {Antaeus Feldspar},
  institution = {Zlib.org},
  howpublished = {Website},
  year = {2002},
  note = {\url{http://zlib.net/feldspar.html}},
}

@misc{bib.devices,
  title = {Device list},
  author = {Linux Kernel Project},
  howpublished = {Shipped with kernel source},
  note = {Location: \url{file:///usr/src/linux/Documentation/devices.txt}{/usr/src/linux/Documentation/devices.txt}},
}

@techreport{bib.diffiehellman,
  title = {Universally Unique IDentifier},
  author = {RSA Labs},
  institution = {RSA Labs},
  year = {2007},
  howpublished = {Website},
  note = {\url{http://www.rsa.com/rsalabs/node.asp?id=2248}},
}

@article{bib.diffiehellman.paper,
  author = {Whitfield Diffie and Martin E. Hellman},
  journal = {IEEE Transactions on Information Theory},
  number = 6,
  pages = {644-654},
  title = {New Directions in Cryptography},
  volume = 22,
  year = 1976,
}

@misc{bib.dsa,
  title = {Digital Signature Algorithm},
  author = {Wikipedia},
  howpublished = {Website},
  note = {\url{http://en.wikipedia.org/wiki/Digital_Signature_Algorithm}},
}

@manual{bib.emacs.cheatsheet,
  title = {GNU Emacs Cheatsheet},
  author = {David Cohen and Bob Rogers},
  howpublished = {Website},
  note = {\url{http://www.rgrjr.com/emacs/emacs_cheat.html}},
}

@manual{bib.emacs.ewiki,
  title = {Emacs Wiki},
  author = {Various Authors},
  howpublished = {Website},
  note = {\url{http://www.emacswiki.org/emacs-en}},
}

@misc{bib.emacs.gnu,
  title = {GNU Emacs},
  author = {GNU Project},
  howpublished = {Website},
  note = {\url{http://www.gnu.org/software/emacs/}},
}

@misc{bib.emacs.wiki,
  title = {Emacs Wikipedia},
  author = {Wikipedia},
  howpublished = {Website},
  note = {\url{http://en.wikipedia.org/wiki/Emacs}},
}

@misc{bib.gnu.autotools,
  title = {GNU Autotools Tutorial},
  author = {Alexandre Duret-Lutz},
  institution = {EPITA Research and Development Laboratory},
  year = {2011},
  howpublished = {Website},
  note = {\url{http://www.lrde.epita.fr/~adl/autotools.html}},
}

@misc{bib.grep,
  title = {Grep},
  author = {Wikipedia},
  howpublished = {Website},
  note = {\url{http://en.wikipedia.org/wiki/Grep}},
}

@misc{bib.ldp,
  title = {The Linux Documentation Project},
  author = {tldp.org},
  howpublished = {Website},
  note = {\url{http://tldp.org}},
}

@misc{bib.load,
  title = {Load},
  author = {Wikipedia},
  howpublished = {Website},
  note = {\url{http://en.wikipedia.org/wiki/Load_%28computing%29}},
}

@misc{bib.lsb,
  title = {Linux Standard Base},
  author = {The Linux Foundation},
  howpublished = {Website},
  note = {\url{http://ldn.linuxfoundation.org/lsb/lsb4-resource-page#Specification}},
}

@manual{bib.man,
  title = {Man pages},
  author = {Various authors},
  howpublished = {Shipped with program},
}

@manual{bib.perl.doc,
  title = {Perl Programming Documentation},
  author = {Various Authors},
  howpublished = {Website},
  note = {\url{http://perldoc.perl.org/}},
}

@misc{bib.perl.wiki,
  title = {Perl},
  author = {Wikipedia},
  howpublished = {Website},
  note = {\url{http://en.wikipedia.org/wiki/Perl}},
}

@misc{bib.regex,
  title = {Regular Expression},
  author = {Wikipedia},
  howpublished = {Website},
  note = {\url{http://en.wikipedia.org/wiki/Regular_expression}},
}

@techreport{bib.regex.bropj,
  title = {Computer Interfacing - TIRCIN01},
  author = {Peter den Brok},
  institution = {Hogeschool Rotterdam},
  howpublished = {Website},
  year = {2011},
  note = {\url{http://med.hro.nl/bropj/computertalen.html}},
}

@misc{bib.root,
  title = {Homedirectory},
  author = {Wikipedia},
  howpublished = {Website},
  note = {\url{http://en.wikipedia.org/wiki/Homedirectory}},
}

@techreport{bib.rsa,
  author = {David Irelend},
  institution = {DI Management},
  title = {RSA Algorithm},
  year = {2011},
  note = {\url{http://di-mgt.com.au/rsa_alg.html}},
}

@misc{bib.rsa.pres,
  author = {Cryptool.org},
  institution = {Cryptool.org},
  title = {RSA Cipher in 10 minutes},
  note = {\url{http://cryptool.org/media/RSA/RSA-Flash-en/player.html}},
}

@unpublished{bib.rvrijpb,
  title = {Linux Starter Pack},
  author = {Peter Berends and Remko de Vrijer},
  note = {Intern binnen Hogeschool Rotterdam verspreid},
  year = {2001},
}

@misc{bib.shell,
  title = {Unix Shell},
  author = {Wikipedia},
  howpublished = {Website},
  note = {\url{http://en.wikipedia.org/wiki/Unix_shell#Further_reading}},
}

@misc{bib.sym.enc,
  title = {Symmetric Key Algorithm},
  author = {Wikipedia},
  howpublished = {Website},
  note = {\url{http://en.wikipedia.org/wiki/Symmetric-key_algorithm}},
}

@misc{bib.tldp.abs,
  title = {Advanced Bash-Scripting Guide},
  howpublished = {Website},
  author = {Mendel COoper},
  note = {\url{http://tldp.org/LDP/abs/html/index.html}},
}

@misc{bib.uuid,
  title = {Universally Unique IDentifier},
  author = {Wikipedia},
  howpublished = {Website},
  note = {\url{http://en.wikipedia.org/wiki/Universally_unique_identifier}},
}

@misc{bib.vbox,
  title = {Virtualbox},
  author = {SUN},
  howpublished = {Website},
  note = {\url{http://www.virtualbox.org}},
}

@misc{bib.wiki.timeline,
  title = {Linux Distro Timeline},
  author = {Wikipedia},
   howpublished = {Website},
  note = {\url{http://nl.wikipedia.org/wiki/Bestand:LinuxDistroTimeline.png}},
}
